%% <<<<<<<<<<<<<<<<< LD BIB >>>>>>>>>>>>>>>
@article{alamfixing,
  title={Fixing Electoral Boundaries in India},
  author={ALAM, MOHD SANJEER and SIVARAMAKRISHNAN, KC}
}

@data{DVN/DPESAK_2019,
author = {Asher, Sam and Novosad, Paul},
publisher = {Harvard Dataverse},
title = "{Socioeconomic High-resolution Rural-Urban Geographic Dataset for India (SHRUG)}",
UNF = {UNF:6:Upe25NYAZwR+6VsDt5X2lQ==},
year = {2019},
version = {V1},
doi = {10.7910/DVN/DPESAK},
url = {https://doi.org/10.7910/DVN/DPESAK}
}
@online{myneta,
  author =       {Association for Democratic Reforms},
  title =        {MyNeta Website},
  url =          {https://myneta.info},
  year =         {2019},
}
@misc{bhavnani2015socio,
  title={Socio-economic Profiles for Indiaâ€™s Old Electoral Constituencies: 1971 and 2001},
  author={Bhavnani, Rikhil R and Jensenius, Francesca Refsum},
  journal={Fixing Electoral Boundaries in India: Laws, Processes, Outcomes and Implications for Political Representation},
  year={2015},
  publisher={New Delhi: Oxford University Press}
}

@inproceedings{bhavnani2012using,
  title={Using Asset Disclosures to Study Politicians Rents: An Application to India},
  author={Bhavnani, Rikhil R},
  booktitle={Annual Bank Conferences on Development Economics, Washington, DC},
  volume={22},
  year={2012}
}

@article{blair1973minority,
  title={Minority electoral politics in a North Indian state: aggregate data analysis and the Muslim community in Bihar, 1952--1972},
  author={Blair, Harry W},
  journal={American political science review},
  volume={67},
  number={4},
  pages={1275--1287},
  year={1973},
  publisher={Cambridge University Press}
}
@misc{bose1987state,
  title={State elections in India: Data handbook on Vidhan Sabha elections 1952-85},
  author={Bose, Shankar and Singh, VB},
  year={1987},
  publisher={New Delhi: Sage Publications}
}
@article{brass1978indian,
  title={Indian election studies},
  author={Brass, Paul R},
  journal={South Asia: Journal of South Asian Studies},
  volume={1},
  number={2},
  pages={91--108},
  year={1978},
  publisher={Taylor \& Francis}
}

@misc{center2000cmie,
  title={CMIE: Economic Overview},
  author={Center for Monitoring Indian Economy},
  year={2000},
  publisher={CMIE New Delhi}
}

@book{chandra2016democratic,
  title={Democratic dynasties: State, party, and family in contemporary Indian politics},
  author={Chandra, Kanchan},
  year={2016},
  publisher={Cambridge University Press}
}
@online{liaSpinper,
  author =       "Christophe Jaffrelot",
  title =        "About LIA SPINPER",
  url =          "http://liaspinper.com/about-the-project/",
  year =        {2019},
}

@online{ocrAccuracy,
  author =       "CVISION Technologies, Inc.",
  title =        "OCR Accuracy Rates",
  url =          "http://www.cvisiontech.com/library/ocr/accurate-ocr/ocr-accuracy-rates.html",
  year =        {2019},
}

@article{dash2004civil,
  title={Civil Society Initiatives and Electoral Reforms},
  author={Dash, Bikash Chandra},
  journal={Economic and Political Weekly},
  pages={4136--4137},
  year={2004},
  publisher={JSTOR}
}

@online{datameet,
  author =       {Datameet Trust},
  title =        {Github repository for open maps},
  url =          {https://github.com/datameet/maps},
  year =         {2019},
  address =      {Bangalore, India},
}



@online{electionsInIndia,
  author =       {Datanet India Private limited},
  title =        {India Electoral Data},
  url =          {https://www.electionsinindia.com/},
  year =         {2019},
}


@online{StatReportECI,
  author =       "Election Commission of India",
  year =         "2019",
  title =        "Statistical Reports to parliamentary and assembly elections in India",
  url =          "https://eci.gov.in/statistical-report/statistical-reports",
  lastupdated = "February 25, 2019",
}
@online{bipolls52-95,
  author =       "Election Commission if India",
  title =        "Bye-elections results 1952-1995",
  url =          "https://eci.gov.in/files/file/2511-details-of-bye-elections-from-1952-to-1995/",
  year = "1995",
}

@online{bipolls,
  author =       "Election Commission if India",
  title =        "Detailed Bye-elections results",
  url =          "https://eci.gov.in/statistical-report/detailed-bye-election-results/",
  year =        {2019},
}

@article{heath2018electoral,
  title={Electoral Volatility and Turnout: Party Entry and Exit in Indian Elections},
  author={Heath, Oliver and Ziegfeld, Adam},
  journal={The Journal of Politics},
  volume={80},
  number={2},
  pages={570--584},
  year={2018},
  publisher={University of Chicago Press Chicago, IL}
}
@article{fisman2016financial,
  title={Financial disclosure and political selection: Evidence from India},
  author={Fisman, Raymond and Schulz, Florian and Vig, Vikrant},
  journal={Unpublished manuscript, Boston Univ},
  year={2016}
}

@article{jensenius2017studying,
  title={Studying Indian politics with large-scale data: Indian election data 1961--today},
  author={Jensenius, Francesca R and Verniers, Gilles},
  journal={Studies in Indian Politics},
  volume={5},
  number={2},
  pages={269--275},
  year={2017},
  publisher={SAGE Publications Sage India: New Delhi, India}
}

@article{kagan2015using,
  title={Using twitter sentiment to forecast the 2013 pakistani election and the 2014 indian election},
  author={Kagan, Vadim and Stevens, Andrew and Subrahmanian, VS},
  journal={IEEE Intelligent Systems},
  volume={30},
  number={1},
  pages={2--5},
  year={2015},
  publisher={IEEE}
}

@article{kollman2011constituency,
  title={Constituency-level elections archive},
  author={Kollman, Ken and Hicken, Allen and Caramani, Daniele and Backer, David and Lublin, David},
  journal={Ann Arbor, mich.: Center for Political studies, University of michigan. At http://www. electiondataarchive. org, accessed may},
  year={2011}
}
@book{vaishnav2017crime,
  title={When crime pays: Money and muscle in Indian politics},
  author={Vaishnav, Milan},
  year={2017},
  publisher={Yale University Press}
}
@book{nielsen1993nielsen,
  title={Nielsen Tunes in to Politics: Tracking the Presidential Election Years (1960-1992).},
  author={Nielsen Media Research},
  year={1993},
  publisher={Nielsen Media Research}
}
@online{indiavotes,
  author =       {Niti Digital Pvt. Ltd.},
  title =        {India Votes : India`s largest election database},
  url =          {http://www.indiavotes.com/},
  year =         {2019},
}

@online{pdftotext,
author={Derek Noonburg},
title= {xpdfreader},
url= {https://www.xpdfreader.com/pdftotext-man.html},
year = {1995}
}

@article{nissa2019party,
  title =       {Notes on methods, identifying and analysing political parties in Indian elections (working paper)},
  author =      {Nissa, B. and M. Kumar },
  year =        {2019},
}
@article{nissa2019factions,
  title =       {Factions and mergers in the Indian Party System - Evidence from Indian General Elections. (working paper)},
  author =      {Nissa, B., M. Kumar and S. Housekeeper},
  year =        {2019},
}
@article{nooruddin2008unstable,
  title={Unstable politics: fiscal space and electoral volatility in the Indian states},
  author={Nooruddin, Irfan and Chhibber, Pradeep},
  journal={Comparative Political Studies},
  volume={41},
  number={8},
  pages={1069--1091},
  year={2008},
  publisher={Sage Publications Sage CA: Los Angeles, CA}
}

@book{rana2006india,
  title={India Votes: Lok Sabha \& Vidhan Sabha Elections 2001-2005},
  author={Rana, Mahendra Singh},
  year={2006},
  publisher={Sarup \& Sons}
}

@article{singhelection,
  title={ELECTION CAMPAIGN MANAGEMENT SERVICES--A START OF NEW ERA IN INDIAN POLITICS},
  author={Singh, Sanjeev Kumar},
  year = {2018},
}

@book{shastri2009electoral,
  title={Electoral politics in Indian states: Lok Sabha elections in 2004 and beyond},
  author={Shastri, Sandeep and Suri, Kondaveeti Chinnaya and Yadav, Yogendra},
  year={2009},
  publisher={Oxford University Press}
}
@online{surf,
  title =       {Github repository for the Surf codebase},
  author =      {TCPD},
  url =          {https://github.com/tcpd/surf},
  year =        {2020},
}

@online{lokdhabaRepo,
  author =       {TCPD},
  title =        {Github repository for the Lokdhaba framework},
  url =          {https://github.com/tcpd/LokDhaba_JS},
  year =         {2020},
}

@article{vijayarani2015performance,
  title={Performance comparison of OCR tools},
  author={Vijayarani, S and Sakila, A},
  journal={International Journal of UbiComp (IJU)},
  volume={6},
  number={3},
  pages={19--30},
  year={2015}
}

@book{quraishi2014undocumented,
  title={An undocumented wonder: The great Indian election},
  author={Quraishi, Shahabuddin Yaqoob},
  year={2014},
  publisher={Rupa Publications}
}
%%<<<< LD BIB END>>>>>>>>>>>>>>>>>>>>>>>>>>>
